<?xml version="1.0" encoding="UTF-8"?><collection xmlns="http://www.loc.gov/MARC21/slim"><record><leader>00465nam--2200121-i-4500</leader><controlfield tag="001">000014149</controlfield><controlfield tag="002">20161230</controlfield><controlfield tag="005">20161230201030</controlfield><controlfield tag="008">060222s1000------------r-----000-0-eng-d</controlfield><datafield ind1=" " ind2=" " tag="080"><subfield code="a">621.47:577.34(075.9)</subfield></datafield><datafield ind1=" " ind2=" " tag="245"><subfield code="a">La bioconversion de l energie solaire.bases biologiques,electrochimiques et photochimiques synthese collective des course de l ecoole d  ete du c.n.r.s.coordonnee par claude gavach. preface de m.rodot</subfield></datafield><datafield ind1=" " ind2=" " tag="260"><subfield code="a">Paris,Masson,1981. 294p</subfield></datafield><datafield ind1=" " ind2=" " tag="852"><subfield code="a">70146</subfield></datafield></record></collection>